@inproceedings{aiken1998barrier,
  title={Barrier inference},
  author={Aiken, Alexander and Gay, David},
  booktitle={Proceedings of the 25th ACM SIGPLAN-SIGACT symposium on Principles of programming languages},
  pages={342--354},
  year={1998}
}

@article{aamodt2018general,
  title={General-purpose graphics processor architectures},
  author={Aamodt, Tor M and Fung, Wilson Wai Lun and Rogers, Timothy G},
  journal={Synthesis Lectures on Computer Architecture},
  volume={13},
  number={2},
  pages={1--140},
  year={2018},
  publisher={Morgan \& Claypool Publishers}
}

@inproceedings{bardsley2014warps,
  title={Warps and atomics: Beyond barrier synchronization in the verification of GPU kernels},
  author={Bardsley, Ethel and Donaldson, Alastair F},
  booktitle={NASA Formal Methods Symposium},
  pages={230--245},
  year={2014},
  organization={Springer}
}

@inproceedings{betts2012gpuverify,
  title={GPUVerify: a verifier for GPU kernels},
  author={Betts, Adam and Chong, Nathan and Donaldson, Alastair and Qadeer, Shaz and Thomson, Paul},
  booktitle={Proceedings of the ACM international conference on Object oriented programming systems languages and applications},
  pages={113--132},
  year={2012}
}

@article{betts2015design,
  title={The design and implementation of a verification technique for GPU kernels},
  author={Betts, Adam and Chong, Nathan and Donaldson, Alastair F and Ketema, Jeroen and Qadeer, Shaz and Thomson, Paul and Wickerson, John},
  journal={ACM Transactions on Programming Languages and Systems (TOPLAS)},
  volume={37},
  number={3},
  pages={1--49},
  year={2015},
  publisher={ACM New York, NY, USA}
}

@inproceedings{blom2014vercors,
  title={The VerCors tool for verification of concurrent programs},
  author={Blom, Stefan and Huisman, Marieke},
  booktitle={International Symposium on Formal Methods},
  pages={127--131},
  year={2014},
  organization={Springer}
}

@inproceedings{boyer2018computing,
  title={Computing routes and delay bounds for the network-on-chip of the Kalray MPPA2 processor},
  author={Boyer, Marc and de Dinechin, Beno{\^\i}t Dupont and Graillat, Amaury and Havet, Lionel},
  booktitle={ERTS 2018-9th European Congress on Embedded Real Time Software and Systems},
  year={2018}
}

@inproceedings{burnim2009asserting,
  title={Asserting and checking determinism for multithreaded programs},
  author={Burnim, Jacob and Sen, Koushik},
  booktitle={Proceedings of the 7th joint meeting of the European software engineering conference and the ACM SIGSOFT symposium on The foundations of software engineering},
  pages={3--12},
  year={2009}
}

@inproceedings{cogumbreiro2021checking,
  title={Checking Data-Race Freedom of GPU Kernels, Compositionally},
  author={Cogumbreiro, Tiago and Lange, Julien and Rong, Dennis Liew Zhen and Zicarelli, Hannah},
  booktitle={International Conference on Computer Aided Verification},
  pages={403--426},
  year={2021},
  organization={Springer}
}

@article{cole2004bringing,
  title={Bringing skeletons out of the closet: a pragmatic manifesto for skeletal parallel programming},
  author={Cole, Murray},
  journal={Parallel computing},
  volume={30},
  number={3},
  pages={389--406},
  year={2004},
  publisher={Elsevier}
}

@inproceedings{collingbourne2011symbolic,
  title={Symbolic testing of OpenCL code},
  author={Collingbourne, Peter and Cadar, Cristian and Kelly, Paul HJ},
  booktitle={Haifa Verification Conference},
  pages={203--218},
  year={2011},
  organization={Springer}
}

@inproceedings{collingbourne2013interleaving,
  title={Interleaving and lock-step semantics for analysis and verification of GPU kernels},
  author={Collingbourne, Peter and Donaldson, Alastair F and Ketema, Jeroen and Qadeer, Shaz},
  booktitle={European Symposium on Programming},
  pages={270--289},
  year={2013},
  organization={Springer}
}

@article{cullmann2010predictability,
  title={Predictability considerations in the design of multi-core embedded systems},
  author={Cullmann, Christoph and Ferdinand, Christian and Gebhard, Gernot and Grund, Daniel and Maiza, Claire and Reineke, Jan and Triquet, Beno{\^\i}t and Wilhelm, Reinhard},
  journal={Proceedings of Embedded Real Time Software and Systems},
  volume={36},
  pages={42},
  year={2010},
  publisher={Citeseer}
}

@inproceedings{das2013application,
  title={Application-to-core mapping policies to reduce memory system interference in multi-core systems},
  author={Das, Reetuparna and Ausavarungnirun, Rachata and Mutlu, Onur and Kumar, Akhilesh and Azimi, Mani},
  booktitle={2013 IEEE 19th International Symposium on High Performance Computer Architecture (HPCA)},
  pages={107--118},
  year={2013},
  organization={IEEE}
}

@inproceedings{de2020scaling,
  title={Scaling up the memory interference analysis for hard real-time many-core systems},
  author={de Dinechin, Maximilien Dupont and Schuh, Matheus and Moy, Matthieu and Maiza, Claire},
  booktitle={2020 Design, Automation \& Test in Europe Conference \& Exhibition (DATE)},
  pages={330--333},
  year={2020},
  organization={IEEE}
}

@article{friedman2003composability,
  title={On the composability of consistency conditions},
  author={Friedman, Roy and Vitenberg, Roman and Chockler, Gregory},
  journal={Information Processing Letters},
  volume={86},
  number={4},
  pages={169--176},
  year={2003},
  publisher={Elsevier}
}

@article{herlihy1990linearizability,
  title={Linearizability: A correctness condition for concurrent objects},
  author={Herlihy, Maurice P and Wing, Jeannette M},
  journal={ACM Transactions on Programming Languages and Systems (TOPLAS)},
  volume={12},
  number={3},
  pages={463--492},
  year={1990},
  publisher={ACM New York, NY, USA}
}

@inproceedings{iorga2020slow,
  title={Slow and steady: Measuring and tuning multicore interference},
  author={Iorga, Dan and Sorensen, Tyler and Wickerson, John and Donaldson, Alastair F},
  booktitle={2020 IEEE Real-Time and Embedded Technology and Applications Symposium (RTAS)},
  pages={200--212},
  year={2020},
  organization={IEEE}
}

@article{kasikci2012data,
  title={Data races vs. data race bugs: telling the difference with portend},
  author={Kasikci, Baris and Zamfir, Cristian and Candea, George},
  journal={ACM SIGPLAN Notices},
  volume={47},
  number={4},
  pages={185--198},
  year={2012},
  publisher={ACM New York, NY, USA}
}

@article{kessler2017skeleton,
  title={Skeleton Programming for Portable Many-Core Computing},
  author={Kessler, Christoph and Gorlatch, Sergei and Enmyren, Johan and Dastgeer, Usman and Steuwer, Michel and Kegel, Philipp},
  journal={Program. Multicore Many-Core Comput. Syst},
  volume={121},
  year={2017}
}

@article{kim2019cl,
  title={CL-Vis: Visualization Platform for Understanding and Checking the OpenCL Programs},
  author={Kim, SeongKi and Han, HyukSoo},
  journal={Computing and Informatics},
  volume={38},
  number={1},
  pages={173--196},
  year={2019}
}

@article{lamport1979make,
  title={How to make a multiprocessor computer that correctly executes multiprocess progranm},
  author={Lamport, Leslie},
  journal={IEEE transactions on computers},
  volume={28},
  number={09},
  pages={690--691},
  year={1979},
  publisher={IEEE Computer Society}
}

@inproceedings{li2010scalable,
  title={Scalable SMT-based verification of GPU kernel functions},
  author={Li, Guodong and Gopalakrishnan, Ganesh},
  booktitle={Proceedings of the eighteenth ACM SIGSOFT international symposium on Foundations of software engineering},
  pages={187--196},
  year={2010}
}

@article{macedonia2003gpu,
  title={The GPU enters computing's mainstream},
  author={Macedonia, Michael},
  journal={Computer},
  volume={36},
  number={10},
  pages={106--108},
  year={2003},
  publisher={IEEE}
}

@article{misra1986axioms,
  title={Axioms for memory access in asynchronous hardware systems},
  author={Misra, Jayadev},
  journal={ACM Transactions on Programming Languages and Systems (TOPLAS)},
  volume={8},
  number={1},
  pages={142--153},
  year={1986},
  publisher={ACM New York, NY, USA}
}

@article{munshi2011opencl,
  title={The OpenCL specification version: 1.2 document revision: 15},
  author={Munshi, Aaftab},
  journal={Khronos Group},
  year={2011}
}

@inproceedings{narayanasamy2007automatically,
  title={Automatically classifying benign and harmful data races using replay analysis},
  author={Narayanasamy, Satish and Wang, Zhenghao and Tigani, Jordan and Edwards, Andrew and Calder, Brad},
  booktitle={Proceedings of the 28th ACM SIGPLAN Conference on Programming Language Design and Implementation},
  pages={22--31},
  year={2007}
}

@article{netzer1992race,
  title={What are race conditions? Some issues and formalizations},
  author={Netzer, Robert HB and Miller, Barton P},
  journal={ACM Letters on Programming Languages and Systems (LOPLAS)},
  volume={1},
  number={1},
  pages={74--88},
  year={1992},
  publisher={ACM New York, NY, USA}
}

@book{padua2011encyclopedia,
  title={Encyclopedia of parallel computing},
  author={Padua, David},
  year={2011},
  publisher={Springer Science \& Business Media}
}

@article{papadimitriou1979serializability,
  title={The serializability of concurrent database updates},
  author={Papadimitriou, Christos H},
  journal={Journal of the ACM (JACM)},
  volume={26},
  number={4},
  pages={631--653},
  year={1979},
  publisher={ACM New York, NY, USA}
}

@inproceedings{peng2019correctness,
  title={On the correctness of GPU programs},
  author={Peng, Chao},
  booktitle={Proceedings of the 28th ACM SIGSOFT International Symposium on Software Testing and Analysis},
  pages={443--447},
  year={2019}
}

@inproceedings{peng2020automated,
  title={Automated test generation for OpenCL kernels using fuzzing and constraint solving},
  author={Peng, Chao and Rajan, Ajitha},
  booktitle={Proceedings of the 13th Annual Workshop on General Purpose Processing using Graphics Processing Unit},
  pages={61--70},
  year={2020}
}

@inproceedings{price2015oclgrind,
  title={Oclgrind: An extensible OpenCL device simulator},
  author={Price, James and McIntosh-Smith, Simon},
  booktitle={Proceedings of the 3rd International Workshop on OpenCL},
  pages={1--7},
  year={2015}
}

@phdthesis{rihani2017many,
  title={Many-Core Timing Analysis of Real-Time Systems},
  author={Rihani, Hamza},
  year={2017},
  school={Universit{\'e} Grenoble Alpes}
}

@inproceedings{sarkar2018analysis,
  title={Analysis of GPGPU Programs for Data-race and Barrier Divergence.},
  author={Sarkar, Santonu and Kandelwal, Prateek and Bandyopadhyay, Soumyadip and Giese, Holger},
  booktitle={ICSOFT},
  pages={494--505},
  year={2018}
}

@inproceedings{shah2014timing,
  title={Timing anomalies in multi-core architectures due to the interference on the shared resources},
  author={Shah, Hardik and Huang, Kai and Knoll, Alois},
  booktitle={2014 19th Asia and South Pacific Design Automation Conference (ASP-DAC)},
  pages={708--713},
  year={2014},
  organization={IEEE}
}

@inproceedings{sinclair2015efficient,
  title={Efficient GPU synchronization without scopes: Saying no to complex consistency models},
  author={Sinclair, Matthew D and Alsop, Johnathan and Adve, Sarita V},
  booktitle={Proceedings of the 48th International Symposium on Microarchitecture},
  pages={647--659},
  year={2015}
}

@inproceedings{sorensen2016hitchhiker,
  title={The hitchhiker's guide to cross-platform opencl application development},
  author={Sorensen, Tyler and Donaldson, Alastair F},
  booktitle={Proceedings of the 4th International Workshop on OpenCL},
  pages={1--12},
  year={2016}
}

@article{steinke2004unified,
  title={A unified theory of shared memory consistency},
  author={Steinke, Robert C and Nutt, Gary J},
  journal={Journal of the ACM (JACM)},
  volume={51},
  number={5},
  pages={800--849},
  year={2004},
  publisher={ACM New York, NY, USA}
}

@inproceedings{steuwer2011skelcl,
  title={Skelcl-a portable skeleton library for high-level gpu programming},
  author={Steuwer, Michel and Kegel, Philipp and Gorlatch, Sergei},
  booktitle={2011 IEEE International Symposium on Parallel and Distributed Processing Workshops and Phd Forum},
  pages={1176--1182},
  year={2011},
  organization={IEEE}
}

@inproceedings{ta2019autonomous,
  title={Autonomous data-race-free GPU testing},
  author={Ta, Tuan and Zhang, Xianwei and Gutierrez, Anthony and Beckmann, Bradford M},
  booktitle={2019 IEEE International Symposium on Workload Characterization (IISWC)},
  pages={81--92},
  year={2019},
  organization={IEEE}
}

@inproceedings{wu2019automating,
  title={Automating cuda synchronization via program transformation},
  author={Wu, Mingyuan and Zhang, Lingming and Liu, Cong and Tan, Shin Hwei and Zhang, Yuqun},
  booktitle={2019 34th IEEE/ACM International Conference on Automated Software Engineering (ASE)},
  pages={748--759},
  year={2019},
  organization={IEEE}
}

@article{zheng2013gmrace,
  title={Gmrace: Detecting data races in gpu programs via a low-overhead scheme},
  author={Zheng, Mai and Ravi, Vignesh T and Qin, Feng and Agrawal, Gagan},
  journal={IEEE Transactions on Parallel and Distributed Systems},
  volume={25},
  number={1},
  pages={104--115},
  year={2013},
  publisher={IEEE}
}